@inproceedings{kim_convolutional_2014,
    title = {{Convolutional neural networks for sentence classification}},
    year = {2014},
    booktitle = {EMNLP 2014 - 2014 Conference on Empirical Methods in Natural Language Processing, Proceedings of the Conference},
    author = {Kim, Yoon},
    isbn = {9781937284961},
    doi = {10.3115/v1/d14-1181},
    arxivId = {1408.5882}
}