@misc{Saha2018,
    title = {{A Comprehensive Guide to Convolutional Neural Networks — the ELI5 way}},
    year = {2018},
    booktitle = {Towards Data Science},
    author = {Saha, Sumit},
    url = {https://towardsdatascience.com/a-comprehensive-guide-to-convolutional-neural-networks-the-eli5-way-3bd2b1164a53}
}

@article{Dumoulin2016AGT,
    title = {{A guide to convolution arithmetic for deep learning}},
    year = {2016},
    journal = {ArXiv},
    author = {Dumoulin, Vincent and Visin, Francesco},
    volume = {abs/1603.0}
}

@article{Zhang2015,
    title = {{A Sensitivity Analysis of (and Practitioners' Guide to) Convolutional Neural Networks for Sentence Classification}},
    year = {2015},
    journal = {arXiv e-prints},
    author = {Zhang, Ye and Wallace, Byron},
    url = {http://arxiv.org/abs/1510.03820},
    arxivId = {1510.03820}
}

@article{Zhang2015a,
    title = {{A Sensitivity Analysis of (and Practitioners' Guide to) Convolutional Neural Networks for Sentence Classification}},
    year = {2015},
    journal = {arXiv e-prints},
    author = {Zhang, Ye and Wallace, Byron},
    url = {http://arxiv.org/abs/1510.03820},
    arxivId = {1510.03820}
}

@article{Zhang2015b,
    title = {{A Sensitivity Analysis of (and Practitioners' Guide to) Convolutional Neural Networks for Sentence Classification}},
    year = {2015},
    journal = {arXiv e-prints},
    author = {Zhang, Ye and Wallace, Byron},
    pages = {arXiv:1510.03820},
    arxivId = {cs.CL/1510.03820},
    keywords = {Computer Science - Computation and Language, Computer Science - Machine Learning, Computer Science - Neural and Evolutionary Computi}
}

@article{Khan2019,
    title = {{A Survey of the Recent Architectures of Deep Convolutional Neural Networks}},
    year = {2019},
    author = {Khan, Asifullah and Sohail, Anabia and Zahoora, Umme and Qureshi, Aqsa Saeed},
    pages = {1--68},
    url = {http://arxiv.org/abs/1901.06032},
    doi = {10.1007/s10462-020-09825-6},
    arxivId = {1901.06032},
    keywords = {convolutional neural networks, deep learning, representational, taxonomy}
}

@article{Schmidt2017,
    title = {{A Survey on Hate Speech Detection using Natural Language Processing}},
    year = {2017},
    journal = {Proceedings of the Fifth International Workshop on Natural Language Processing for Social Media},
    author = {Schmidt, Anna and Wiegand, Michael},
    pages = {1--10},
    doi = {10.18653/v1/w17-1101}
}

@inproceedings{hateoffensive,
    title = {{Automated Hate Speech Detection and the Problem of Offensive Language}},
    year = {2017},
    booktitle = {Proceedings of the 11th International AAAI Conference on Web and Social Media},
    author = {Davidson, Thomas and Warmsley, Dana and Macy, Michael and Weber, Ingmar},
    pages = {512--515},
    series = {ICWSM '17}
}

@article{Devlin2018,
    title = {{BERT: Pre-training of Deep Bidirectional Transformers for Language Understanding}},
    year = {2018},
    journal = {Google AI Language},
    author = {Devlin, Jacob and Chang, Ming-Wei and Lee, Kenton and Toutanova, Kristina},
    arxivId = {1810.04805}
}

@incollection{Rao2019,
    title = {{Chapter 4: Feed-Forward Networks for Natural Language Processing}},
    year = {2019},
    booktitle = {Natural Language Processing with PyTorch},
    author = {Rao, Delip and McMahan, Brian},
    chapter = {4},
    edition = {1},
    publisher = {O'Reilly Media}
}

@article{Yin2016,
    title = {{Comparative Study of CNN and RNN for Natural Language Processing}},
    year = {2017},
    journal = {arXiv e-prints},
    author = {Yin, Wenpeng and Kann, Katharina and Yu, Mo},
    arxivId = {arXiv:1702.01923v1}
}

@incollection{Kamath2019,
    title = {{Convolutional Neural Networks BT  - Deep Learning for NLP and Speech Recognition}},
    year = {2019},
    author = {Kamath, Uday and Liu, John and Whitaker, James},
    editor = {Kamath, Uday and Liu, John and Whitaker, James},
    pages = {263--314},
    publisher = {Springer International Publishing},
    url = {https://doi.org/10.1007/978-3-030-14596-5_6},
    address = {Cham},
    isbn = {978-3-030-14596-5},
    doi = {10.1007/978-3-030-14596-5{\_}6}
}

@article{kim_convolutional_2014,
    title = {{Convolutional Neural Networks for Sentence Classification}},
    year = {2014},
    journal = {EMNLP 2014 - 2014 Conference on Empirical Methods in Natural Language Processing, Proceedings of the Conference},
    author = {Kim, Yoon},
    month = {8},
    url = {http://arxiv.org/abs/1408.5882},
    isbn = {9781937284961},
    doi = {10.3115/v1/d14-1181},
    arxivId = {1408.5882}
}

@book{Goodfellow-et-al-2016,
    title = {{Deep Learning}},
    year = {2016},
    author = {Goodfellow, Ian and Bengio, Yoshua and Courville, Aaron},
    publisher = {MIT Press}
}

@article{Lopez2017,
    title = {{Deep Learning applied to NLP}},
    year = {2017},
    journal = {arXiv e-prints},
    author = {Lopez, Marc Moreno and Kalita, Jugal},
    number = {1703.0309},
    url = {http://arxiv.org/abs/1703.03091},
    arxivId = {1703.03091}
}

@inproceedings{Badjatiya2017,
    title = {{Deep Learning for Hate Speech Detection in Tweets}},
    year = {2017},
    booktitle = {WWW '17 Companion: Proceedings of the 26th International Conference on World Wide Web Companion},
    author = {Badjatiya, Pinkesh and Gupta, Shashank and Varma, Vasudeva},
    month = {6},
    pages = {759–760},
    doi = {10.1145/3041021.3054223}
}

@article{Adel2017,
    title = {{Exploring different dimensions of attention for uncertainty detection}},
    year = {2017},
    journal = {15th Conference of the European Chapter of the Association for Computational Linguistics, EACL 2017 - Proceedings of Conference},
    author = {Adel, Heike and Sch{\"{u}}tze, Hinrich},
    pages = {22--34},
    volume = {1},
    isbn = {9781510838604},
    doi = {10.18653/v1/e17-1003},
    arxivId = {1612.06549}
}

@article{Muller2017,
    title = {{Fanning the Flames of Hate: Social Media and Hate Crime}},
    year = {2019},
    journal = {SSRN Electronic Journal},
    author = {M{\"{u}}ller, Karsten and Schwarz, Carlo},
    doi = {10.2139/ssrn.3082972},
    keywords = {afd, and seminar participants at, andy guess, atif mian, christopher blattman, evan fradkin, fabian waldinger, germany, hans-joachim voth, hate crime, leonardo bursztyn, magne mogstad, matthew gentzkow, minorities, mirko draca, noam yuchtman, ruben enikolopov, sascha becker, sharun mukand, social media, the, thiemo fetzer, vardges levonyan, we are grateful to}
}

@phdthesis{Sousa2019,
    title = {{Feature extraction and selection for automatic hate speech detection on Twitter}},
    year = {2019},
    author = {Sousa, João Guilherme Routar de},
    pages = {1--77},
    url = {https://repositorio-aberto.up.pt/bitstream/10216/119511/2/326963.pdf},
    school = {Universidade do Porto}
}

@misc{Lata2018,
    title = {{Getting Your Text Data Ready for Your Natural Language Processing Journey}},
    year = {2018},
    booktitle = {Towards Data Science},
    author = {Lata, Tanmay},
    url = {https://towardsdatascience.com/getting-your-text-data-ready-for-your-natural-language-processing-journey-744d52912867}
}

@inproceedings{Martins2018,
    title = {{Hate Speech Classification in Social Media Using Emotional Analysis}},
    year = {2018},
    booktitle = {2018 7th Brazilian Conference on Intelligent Systems (BRACIS)},
    author = {Martins, Ricardo and Gomes, Marco and Almeida, Jose Joao and Novais, Paulo and Henriques, Pedro},
    pages = {61--66},
    isbn = {9781538680230},
    doi = {10.1109/BRACIS.2018.00019},
    keywords = {Emotion Analysis, Natural Processing Language, Sentiment Analysis}
}

@article{MacAvaney2019,
    title = {{Hate speech detection: Challenges and solutions}},
    year = {2019},
    journal = {PLoS ONE},
    author = {MacAvaney, Sean and Yao, Hao Ren and Yang, Eugene and Russell, Katina and Goharian, Nazli and Frieder, Ophir},
    number = {8},
    pages = {1--16},
    volume = {14},
    isbn = {1111111111},
    doi = {10.1371/journal.pone.0221152},
    issn = {19326203}
}

@misc{Inc.2020a,
    title = {{Hatebase}},
    year = {2020},
    booktitle = {https://hatebase.org/},
    author = {Inc., Hatebase}
}

@misc{Brownlee2019,
    title = {{How to Choose Loss Functions When Training Deep Learning Neural Networks}},
    year = {2019},
    booktitle = {Deep Learning Performance},
    author = {Brownlee, Jason},
    url = {https://machinelearningmastery.com/how-to-choose-loss-functions-when-training-deep-learning-neural-networks/}
}

@misc{Newatia2019,
    title = {{How to implement CNN for NLP tasks like Sentence Classification}},
    year = {2019},
    booktitle = {Medium.com},
    author = {Newatia, Rajat},
    url = {https://medium.com/saarthi-ai/sentence-classification-using-convolutional-neural-networks-ddad72c7048c}
}

@misc{Orac,
    title = {{Identifying Hate Speech with BERT and CNN}},
    year = {2019},
    booktitle = {Towards Data Science},
    author = {Orac, Roman},
    url = {https://towardsdatascience.com/identifying-hate-speech-with-bert-and-cnn-b7aa2cddd60d}
}

@techreport{Weller,
    title = {{Identifying Russian Trolls on Reddit with Deep Learning and BERT Word Embeddings}},
    year = {2019},
    author = {Weller, Henry and Woo, Jeffrey},
    number = {9},
    pages = {1--11}
}

@inproceedings{Cheng2019,
    title = {{Interpretable Text Classification Using CNN and Max-pooling}},
    year = {2019},
    author = {Cheng, Hao and Yang, Xiaoqing and Li, Zang and Xiao, Yanghua and Lin, Yucheng},
    month = {10}
}

@techreport{founta2018large,
    title = {{Large Scale Crowdsourcing and Characterization of Twitter Abusive Behavior}},
    year = {2018},
    booktitle = {11th International Conference on Web and Social Media, ICWSM 2018},
    author = {Founta, Antigoni-Maria and Djouvas, Constantinos and Chatzakou, Despoina and Leontiadis, Ilias and Blackburn, Jeremy and Stringhini, Gianluca and Vakali, Athena and Sirivianos, Michael and Kourtellis, Nicolas},
    institution = {AAAI Press}
}

@misc{Ozcan2018,
    title = {{Preprocessor}},
    year = {2018},
    booktitle = {GitHub},
    author = {{\"{O}}zcan, Said},
    url = {https://github.com/s/preprocessor}
}

@book{VanRossum1995,
    title = {{Python Tutorial}},
    year = {1995},
    author = {Van Rossum, Guido and Drake Jr, Fred L},
    publisher = {Centrum voor Wiskunde en Informatica},
    address = {Amsterdam, The Netherlands}
}

@inproceedings{Nottelmann2005,
    title = {{sPLMap: A probabilistic approach to schema matching}},
    year = {2005},
    booktitle = {Lecture Notes in Computer Science},
    author = {Nottelmann, Henrik and Straccia, Umberto},
    pages = {89},
    doi = {10.1007/978-3-540-31865-1{\_}7},
    issn = {03029743}
}

@inproceedings{UzZaman2011,
    title = {{Temporal evaluation}},
    year = {2011},
    booktitle = {ACL-HLT 2011 - Proceedings of the 49th Annual Meeting of the Association for Computational Linguistics: Human Language Technologies},
    author = {UzZaman, Naushad and Allen, James F.},
    isbn = {9781932432886}
}

@inproceedings{UzZaman2011a,
    title = {{Temporal evaluation}},
    year = {2011},
    booktitle = {ACL-HLT 2011 - Proceedings of the 49th Annual Meeting of the Association for Computational Linguistics: Human Language Technologies},
    author = {UzZaman, Naushad and Allen, James F.},
    isbn = {9781932432886}
}

@misc{Rajapakse2020,
    title = {{To Distil or Not To Distil: BERT, RoBERTa, and XLNet}},
    year = {2020},
    booktitle = {Towards Data Science},
    author = {Rajapakse, Thilina},
    url = {https://towardsdatascience.com/to-distil-or-not-to-distil-bert-roberta-and-xlnet-c777ad92f8}
}

@misc{PyTorch2019,
    title = {{TORCH.NN}},
    year = {2019},
    booktitle = {master documentation},
    author = {{PyTorch}},
    url = {https://pytorch.org/docs/stable/nn.html}
}

@inproceedings{jacovi-etal-2018-understanding,
    title = {{Understanding Convolutional Neural Networks for Text Classification}},
    year = {2018},
    booktitle = {Proceedings of the 2018 EMNLP Workshop BlackboxNLP: Analyzing and Interpreting Neural Networks for NLP},
    author = {Jacovi, Alon and Sar Shalom, Oren and Goldberg, Yoav},
    pages = {56--65},
    publisher = {Association for Computational Linguistics},
    url = {https://www.aclweb.org/anthology/W18-5408},
    address = {Brussels, Belgium},
    doi = {10.18653/v1/W18-5408}
}

@inproceedings{Fortuna2019ADataset,
    title = {{A Hierarchically-Labeled Portuguese Hate Speech Dataset}},
    year = {2019},
    booktitle = {Proceedings of the Third Workshop on Abusive Language Online},
    author = {Fortuna, Paula and Rocha da Silva, João and Soler-Company, Juan and Wanner, Leo and Nunes, Sérgio},
    pages = {94--104},
    publisher = {Association for Computational Linguistics},
    url = {https://www.aclweb.org/anthology/W19-3510/},
    address = {Florence, Italy},
    doi = {10.18653/v1/w19-3510}
}

@article{Gitari2015ADetection,
    title = {{A lexicon-based approach for hate speech detection}},
    year = {2015},
    journal = {International Journal of Multimedia and Ubiquitous Engineering},
    author = {Gitari, Njagi Dennis and Zuping, Zhang and Damien, Hanyurwimfura and Long, Jun},
    number = {4},
    pages = {215--230},
    volume = {10},
    doi = {10.14257/ijmue.2015.10.4.21},
    issn = {19750080},
    keywords = {Hate speech, Lexicon, Subjectivity analysis}
}

@inproceedings{Meyer2019ADetector,
    title = {{A Platform Agnostic Dual-Strand Hate Speech Detector}},
    year = {2019},
    booktitle = {Proceedings of the Third Workshop on Abusive Language Online},
    author = {Meyer, Johannes Skjeggestad and Gamb{\"{a}}ck, Björn},
    pages = {146--156},
    publisher = {Association for Computational Linguistics},
    address = {Florence, Italy}
}

@article{Khan2020ANetworks,
    title = {{A survey of the recent architectures of deep convolutional neural networks}},
    year = {2020},
    journal = {Artificial Intelligence Review},
    author = {Khan, Asifullah and Sohail, Anabia and Zahoora, Umme and Qureshi, Aqsa Saeed},
    month = {4},
    pages = {1--62},
    publisher = {Springer},
    url = {http://link.springer.com/10.1007/s10462-020-09825-6},
    doi = {10.1007/s10462-020-09825-6},
    issn = {0269-2821},
    keywords = {Artificial Intelligence, Computer Science, general}
}

@inproceedings{Nobata2016AbusiveContent,
    title = {{Abusive language detection in online user content}},
    year = {2016},
    booktitle = {25th International World Wide Web Conference, WWW 2016},
    author = {Nobata, Chikashi and Tetreault, Joel and Thomas, Achint and Mehdad, Yashar and Chang, Yi},
    pages = {145--153},
    publisher = {International World Wide Web Conferences Steering Committee},
    url = {http://dl.acm.org/citation.cfm?doid=2872427.2883062},
    address = {New York, New York, USA},
    isbn = {9781450341431},
    doi = {10.1145/2872427.2883062},
    keywords = {Abusive Language, Discourse Classification, Hate Speech, NLP, Stylistic Classifica-Tion}
}

@misc{McCormick2019BERTTutorial,
    title = {{BERT Word Embeddings Tutorial}},
    year = {2019},
    author = {McCormick, Chris},
    url = {https://mccormickml.com/2019/05/14/BERT-word-embeddings-tutorial/}
}

@inproceedings{Stoop2019DetectingDevelop,
    title = {{Detecting harassment in real-time as conversations develop}},
    year = {2019},
    booktitle = {Proceedings of the Third Workshop on Abusive Language Online},
    author = {Stoop, Wessel and Kunneman, Florian and van den Bosch, Antal and Miller, Ben},
    pages = {19--24},
    publisher = {Association for Computational Linguistics},
    url = {https://www.aclweb.org/anthology/W19-3503},
    address = {Florence, Italy},
    doi = {10.18653/v1/w19-3503}
}

@article{Miro-Llinares2018HateMicroenvironments,
    title = {{Hate is in the air! But where? Introducing an algorithm to detect hate speech in digital microenvironments}},
    year = {2018},
    journal = {Crime Science},
    author = {Mir{\'{o}}-Llinares, Fernando and Moneva, Asier and Esteve, Miriam},
    number = {1},
    pages = {1--12},
    volume = {7},
    publisher = {Springer Berlin Heidelberg},
    url = {https://doi.org/10.1186/s40163-018-0089-1},
    doi = {10.1186/s40163-018-0089-1},
    issn = {21937680},
    keywords = {Cyber place, Hate speech, Metadata, Random Forests, Twitter}
}

@inproceedings{Mulki2019L-HSAB:Language,
    title = {{L-{\{}HSAB{\}}: A {\{}L{\}}evantine Twitter Dataset for Hate Speech and Abusive Language}},
    year = {2019},
    booktitle = {Proceedings of the Third Workshop on Abusive Language Online},
    author = {Mulki, Hala and Haddad, Hatem and Bechikh Ali, Chedi and Alshabani, Halima},
    pages = {111--118},
    publisher = {Association for Computational Linguistics},
    url = {https://www.aclweb.org/anthology/W19-3512},
    address = {Florence, Italy},
    doi = {10.18653/v1/w19-3512}
}

@inproceedings{Ibrohim2019Multi-labelTwitter,
    title = {{Multi-label Hate Speech and Abusive Language Detection in Indonesian Twitter}},
    year = {2019},
    booktitle = {Proceedings of the Third Workshop on Abusive Language Online},
    author = {Ibrohim, Muhammad Okky and Budi, Indra},
    pages = {46--57},
    publisher = {Association for Computational Linguistics},
    url = {https://www.aclweb.org/anthology/W19-3506},
    address = {Florence, Italy},
    doi = {10.18653/v1/w19-3506}
}

@inproceedings{Bodapati2019NeuralDetection,
    title = {{Neural Word Decomposition Models for Abusive Language Detection}},
    year = {2019},
    booktitle = {roceedings of the Third Workshop on Abusive Language Online},
    author = {Bodapati, Sravan and Gella, Spandana and Bhattacharjee, Kasturi and Al-Onaizan, Yaser},
    pages = {135--145},
    publisher = {Association for Computational Linguistics},
    url = {https://www.aclweb.org/anthology/W19-3515/},
    address = {Florence, Italy},
    doi = {10.18653/V1/W19-3515}
}

@inproceedings{Kshirsagar2018PredictiveTwitter,
    title = {{Predictive Embeddings for Hate Speech Detection on Twitter}},
    year = {2018},
    booktitle = {Proceedings of the 2nd Workshop on Abusive Language Online (ALW2)},
    author = {Kshirsagar, Rohan and Cukuvac, Tyrus and McKeown, Kathy and McGregor, Susan},
    pages = {26--32},
    publisher = {Association for Computational Linguistics},
    address = {Brussels, Belgium},
    doi = {10.18653/v1/w18-5104},
    arxivId = {1809.10644}
}